@misc{reactNativeGettingStarted,
  author       = {Facebook Open Source},
  title        = {React Native Getting Started},
  howpublished = {\url{https://reactnative.dev/docs/getting-started}},
  year         = {2022},
  note         = {Abgerufen am 07. MÃ¤rz 2022}
}